%%
%% Sensing RIS
%%

@article{ma2020smartsensing,
  title={Smart sensing metasurface with self-defined functions in dual polarizations},
  author={Ma, Qian and Hong, Qiao Ru and Gao, Xin Xin and Jing, Hong Bo and Liu, Che and Bai, Guo Dong and Cheng, Qiang and Cui, Tie Jun},
  journal={Nanophotonics},
  volume={9},
  number={10},
  pages={3271--3278},
  year={2020},
  month={Apr.},
  publisher={De Gruyter}
}